@online{ID,
	ALTauthor = {author},
	ALTeditor = {editor},
	title = {Transformada Wavaletet - acervo para el mejoramiento del aprendizaje de alumnos de ingenier√≠a, en Inteligencia Artificial},
	date = {s.f},
	url = { https://virtual.cuautitlan.unam.mx/intar/?page_id=1108},
	OPTsubtitle = {subtitle},
	OPTtitleaddon = {titleaddon},
	OPTlanguage = {language},
	OPTversion = {version},
	OPTnote = {note},
	OPTorganization = {organization},
	OPTdate = {date},
	OPTmonth = {month},
	OPTyear = {year},
	OPTaddendum = {addendum},
	OPTpubstate = {pubstate},
	OPTurldate = {urldate},
}
